@ARTICLE{1998MNRAS.295..319M,
       author = {{Mo}, H.~J. and {Mao}, Shude and {White}, Simon D.~M.},
        title = "{The formation of galactic discs}",
      journal = {\mnras},
     keywords = {GALAXIES: FORMATION, GALAXIES: SPIRAL, GALAXIES: STRUCTURE, COSMOLOGY: THEORY, DARK MATTER, Astrophysics},
         year = "1998",
        month = "Apr",
       volume = {295},
       number = {2},
        pages = {319-336},
          doi = {10.1046/j.1365-8711.1998.01227.x},
archivePrefix = {arXiv},
       eprint = {astro-ph/9707093},
 primaryClass = {astro-ph},
       adsurl = {https://ui.adsabs.harvard.edu/abs/1998MNRAS.295..319M},
      adsnote = {Provided by the SAO/NASA Astrophysics Data System}
}

@ARTICLE{2017ApJ...843...46S,
       author = {{Simons}, Raymond C. and {Kassin}, Susan A. and {Weiner}, Benjamin J. and
         {Faber}, Sandra M. and {Trump}, Jonathan R. and {Heckman}, Timothy M. and
         {Koo}, David C. and {Pacifici}, Camilla and {Primack}, Joel R. and
         {Snyder}, Gregory F. and {de la Vega}, Alexander},
        title = "{z Ìƒ 2: An Epoch of Disk Assembly}",
      journal = {\apj},
     keywords = {galaxies: evolution, galaxies: kinematics and dynamics, Astrophysics - Astrophysics of Galaxies},
         year = "2017",
        month = "Jul",
       volume = {843},
       number = {1},
          eid = {46},
        pages = {46},
          doi = {10.3847/1538-4357/aa740c},
archivePrefix = {arXiv},
       eprint = {1705.03474},
 primaryClass = {astro-ph.GA},
       adsurl = {https://ui.adsabs.harvard.edu/abs/2017ApJ...843...46S},
      adsnote = {Provided by the SAO/NASA Astrophysics Data System}
}

@ARTICLE{1978MNRAS.183..341W,
       author = {{White}, S.~D.~M. and {Rees}, M.~J.},
        title = "{Core condensation in heavy halos: a two-stage theory for galaxy formation and clustering.}",
      journal = {\mnras},
     keywords = {Astronomical Models, Galactic Clusters, Galactic Evolution, Galactic Nuclei, Gravitational Effects, Halos, Critical Mass, Dark Matter, Dynamic Models, Interstellar Gas, Luminosity, Many Body Problem, Red Shift, Astrophysics, Formation:Galaxies},
         year = "1978",
        month = "May",
       volume = {183},
        pages = {341-358},
          doi = {10.1093/mnras/183.3.341},
       adsurl = {https://ui.adsabs.harvard.edu/abs/1978MNRAS.183..341W},
      adsnote = {Provided by the SAO/NASA Astrophysics Data System}
}

@ARTICLE{1980MNRAS.193..189F,
       author = {{Fall}, S.~M. and {Efstathiou}, G.},
        title = "{Formation and rotation of disc galaxies with haloes.}",
      journal = {\mnras},
     keywords = {Disk Galaxies, Galactic Evolution, Galactic Rotation, Galactic Structure, Halos, Angular Momentum, Astronomical Models, Interstellar Gas, Mass Ratios, Astrophysics},
         year = "1980",
        month = "Oct",
       volume = {193},
        pages = {189-206},
          doi = {10.1093/mnras/193.2.189},
       adsurl = {https://ui.adsabs.harvard.edu/abs/1980MNRAS.193..189F},
      adsnote = {Provided by the SAO/NASA Astrophysics Data System}
}

@ARTICLE{1997ApJ...482..659D,
       author = {{Dalcanton}, Julianne J. and {Spergel}, David N. and {Summers}, F.~J.},
        title = "{The Formation of Disk Galaxies}",
      journal = {\apj},
     keywords = {Galaxies: Formation, Galaxies: Kinematics and Dynamics, Galaxies: Statistics, Hydrodynamics, Astrophysics},
         year = "1997",
        month = "Jun",
       volume = {482},
       number = {2},
        pages = {659-676},
          doi = {10.1086/304182},
archivePrefix = {arXiv},
       eprint = {astro-ph/9611226},
 primaryClass = {astro-ph},
       adsurl = {https://ui.adsabs.harvard.edu/abs/1997ApJ...482..659D},
      adsnote = {Provided by the SAO/NASA Astrophysics Data System}
}

@ARTICLE{2017MNRAS.464.2419S,
       author = {{Sales}, Laura V. and {Navarro}, Julio F. and {Oman}, Kyle and
         {Fattahi}, Azadeh and {Ferrero}, Ismael and {Abadi}, Mario and
         {Bower}, Richard and {Crain}, Robert A. and {Frenk}, Carlos S. and
         {Sawala}, Till and {Schaller}, Matthieu and {Schaye}, Joop and
         {Theuns}, Tom and {White}, Simon D.~M.},
        title = "{The low-mass end of the baryonic Tully-Fisher relation}",
      journal = {\mnras},
     keywords = {galaxies: evolution, galaxies: haloes, galaxies: structure, Astrophysics - Astrophysics of Galaxies, Astrophysics - Cosmology and Nongalactic Astrophysics},
         year = "2017",
        month = "Jan",
       volume = {464},
       number = {2},
        pages = {2419-2428},
          doi = {10.1093/mnras/stw2461},
archivePrefix = {arXiv},
       eprint = {1602.02155},
 primaryClass = {astro-ph.GA},
       adsurl = {https://ui.adsabs.harvard.edu/abs/2017MNRAS.464.2419S},
      adsnote = {Provided by the SAO/NASA Astrophysics Data System}
}

@ARTICLE{1977A&A....54..661T,
       author = {{Tully}, R.~B. and {Fisher}, J.~R.},
        title = "{Reprint of 1977A\&amp;A....54..661T. A new method of determining distance to galaxies.}",
      journal = {\aap},
     keywords = {Distance Measuring Equipment, H Lines, Luminous Intensity, Spectral Line Width, Spiral Galaxies, Telescopes, Astronomical Photometry, Calibrating, Galactic Clusters, Galactic Structure, Hubble Diagram, Synoptic Measurement, Astronomy},
         year = "1977",
        month = "Feb",
       volume = {500},
        pages = {105-117},
       adsurl = {https://ui.adsabs.harvard.edu/abs/1977A&A....54..661T},
      adsnote = {Provided by the SAO/NASA Astrophysics Data System}
}

@ARTICLE{1997ApJ...477L...1G,
       author = {{Giovanelli}, Riccardo and {Haynes}, Martha P. and {da Costa}, Luiz N. and
         {Freudling}, Wolfram and {Salzer}, John J. and {Wegner}, Gary},
        title = "{The Tully-Fisher Relation and H$_{0}$}",
      journal = {\apjl},
     keywords = {COSMOLOGY: DISTANCE SCALE, COSMOLOGY: LARGE-SCALE STRUCTURE OF UNIVERSE, COSMOLOGY: OBSERVATIONS, GALAXIES: DISTANCES AND REDSHIFTS, INFRARED: GALAXIES, cosmology: distance scale, cosmology: large-scale structure of universe, Cosmology: Observations, Galaxies: Distances and Redshifts, Infrared: Galaxies, Astrophysics},
         year = "1997",
        month = "Mar",
       volume = {477},
       number = {1},
        pages = {L1-L4},
          doi = {10.1086/310521},
archivePrefix = {arXiv},
       eprint = {astro-ph/9612072},
 primaryClass = {astro-ph},
       adsurl = {https://ui.adsabs.harvard.edu/abs/1997ApJ...477L...1G},
      adsnote = {Provided by the SAO/NASA Astrophysics Data System}
}

@ARTICLE{2016MNRAS.462.1697A,
       author = {{Aumer}, Michael and {Binney}, James and {Sch{\"o}nrich}, Ralph},
        title = "{Age-velocity dispersion relations and heating histories in disc galaxies}",
      journal = {\mnras},
     keywords = {methods: numerical, Galaxy: disc, Galaxy: kinematics and dynamics, galaxies: evolution, galaxies: spiral, Astrophysics - Astrophysics of Galaxies},
         year = "2016",
        month = "Oct",
       volume = {462},
       number = {2},
        pages = {1697-1713},
          doi = {10.1093/mnras/stw1639},
archivePrefix = {arXiv},
       eprint = {1607.01972},
 primaryClass = {astro-ph.GA},
       adsurl = {https://ui.adsabs.harvard.edu/abs/2016MNRAS.462.1697A},
      adsnote = {Provided by the SAO/NASA Astrophysics Data System}
}

@ARTICLE{1999MNRAS.304..254V,
       author = {{Velazquez}, Hector and {White}, Simon D.~M.},
        title = "{Sinking satellites and the heating of galaxy discs}",
      journal = {\mnras},
     keywords = {METHODS: NUMERICAL, GALAXIES: EVOLUTION, GALAXIES: KINEMATICS AND DYNAMICS, GALAXIES: SPIRAL, GALAXIES: STRUCTURE, Astrophysics},
         year = "1999",
        month = "Apr",
       volume = {304},
       number = {2},
        pages = {254-270},
          doi = {10.1046/j.1365-8711.1999.02354.x},
archivePrefix = {arXiv},
       eprint = {astro-ph/9809412},
 primaryClass = {astro-ph},
       adsurl = {https://ui.adsabs.harvard.edu/abs/1999MNRAS.304..254V},
      adsnote = {Provided by the SAO/NASA Astrophysics Data System}
}

@ARTICLE{2006ApJ...645..209D,
       author = {{Debattista}, Victor P. and {Mayer}, Lucio and {Carollo}, C. Marcella and
         {Moore}, Ben and {Wadsley}, James and {Quinn}, Thomas},
        title = "{The Secular Evolution of Disk Structural Parameters}",
      journal = {\apj},
     keywords = {Galaxies: Bulges, Galaxies: Evolution, Galaxies: Formation, Galaxies: Kinematics and Dynamics, Galaxies: Photometry, Galaxies: Spiral, Astrophysics},
         year = "2006",
        month = "Jul",
       volume = {645},
       number = {1},
        pages = {209-227},
          doi = {10.1086/504147},
archivePrefix = {arXiv},
       eprint = {astro-ph/0509310},
 primaryClass = {astro-ph},
       adsurl = {https://ui.adsabs.harvard.edu/abs/2006ApJ...645..209D},
      adsnote = {Provided by the SAO/NASA Astrophysics Data System}
}

@ARTICLE{2011MNRAS.415.3750M,
       author = {{Moster}, Benjamin P. and {Macci{\`o}}, Andrea V. and
         {Somerville}, Rachel S. and {Naab}, Thorsten and {Cox}, T.~J.},
        title = "{The effects of a hot gaseous halo in galaxy major mergers}",
      journal = {\mnras},
     keywords = {methods: numerical, galaxies: elliptical and lenticular, cD, galaxies: haloes, galaxies: interactions, galaxies: starburst, galaxies: structure, Astrophysics - Astrophysics of Galaxies},
         year = "2011",
        month = "Aug",
       volume = {415},
       number = {4},
        pages = {3750-3770},
          doi = {10.1111/j.1365-2966.2011.18984.x},
archivePrefix = {arXiv},
       eprint = {1104.0246},
 primaryClass = {astro-ph.GA},
       adsurl = {https://ui.adsabs.harvard.edu/abs/2011MNRAS.415.3750M},
      adsnote = {Provided by the SAO/NASA Astrophysics Data System}
}

@ARTICLE{2017ApJ...843...46S,
       author = {{Simons}, Raymond C. and {Kassin}, Susan A. and {Weiner}, Benjamin J. and
         {Faber}, Sandra M. and {Trump}, Jonathan R. and {Heckman}, Timothy M. and
         {Koo}, David C. and {Pacifici}, Camilla and {Primack}, Joel R. and
         {Snyder}, Gregory F. and {de la Vega}, Alexander},
        title = "{z Ìƒ 2: An Epoch of Disk Assembly}",
      journal = {\apj},
     keywords = {galaxies: evolution, galaxies: kinematics and dynamics, Astrophysics - Astrophysics of Galaxies},
         year = "2017",
        month = "Jul",
       volume = {843},
       number = {1},
          eid = {46},
        pages = {46},
          doi = {10.3847/1538-4357/aa740c},
archivePrefix = {arXiv},
       eprint = {1705.03474},
 primaryClass = {astro-ph.GA},
       adsurl = {https://ui.adsabs.harvard.edu/abs/2017ApJ...843...46S},
      adsnote = {Provided by the SAO/NASA Astrophysics Data System}
}

@ARTICLE{2007ApJ...660L...1D,
       author = {{Davis}, M. and {Guhathakurta}, P. and {Konidaris}, N.~P. and
         {Newman}, J.~A. and {Ashby}, M.~L.~N. and {Biggs}, A.~D. and
         {Barmby}, P. and {Bundy}, K. and {Chapman}, S.~C. and {Coil}, A.~L. and
         {Conselice}, C.~J. and {Cooper}, M.~C. and {Croton}, D.~J. and
         {Eisenhardt}, P.~R.~M. and {Ellis}, R.~S. and {Faber}, S.~M. and
         {Fang}, T. and {Fazio}, G.~G. and {Georgakakis}, A. and {Gerke}, B.~F. and
         {Goss}, W.~M. and {Gwyn}, S. and {Harker}, J. and {Hopkins}, A.~M. and
         {Huang}, J. -S. and {Ivison}, R.~J. and {Kassin}, S.~A. and
         {Kirby}, E.~N. and {Koekemoer}, A.~M. and {Koo}, D.~C. and
         {Laird}, E.~S. and {Le Floc'h}, E. and {Lin}, L. and {Lotz}, J.~M. and
         {Marshall}, P.~J. and {Martin}, D.~C. and {Metevier}, A.~J. and
         {Moustakas}, L.~A. and {Nandra}, K. and {Noeske}, K.~G. and
         {Papovich}, C. and {Phillips}, A.~C. and {Rich}, R.~M. and
         {Rieke}, G.~H. and {Rigopoulou}, D. and {Salim}, S. and
         {Schiminovich}, D. and {Simard}, L. and {Smail}, I. and {Small}, T.~A. and
         {Weiner}, B.~J. and {Willmer}, C.~N.~A. and {Willner}, S.~P. and
         {Wilson}, G. and {Wright}, E.~L. and {Yan}, R.},
        title = "{The All-Wavelength Extended Groth Strip International Survey (AEGIS) Data Sets}",
      journal = {\apjl},
     keywords = {Galaxies: Photometry, Infrared: Galaxies, Radio Continuum: Galaxies, Surveys, Ultraviolet: Galaxies, X-Rays: Galaxies, Astrophysics},
         year = "2007",
        month = "May",
       volume = {660},
       number = {1},
        pages = {L1-L6},
          doi = {10.1086/517931},
archivePrefix = {arXiv},
       eprint = {astro-ph/0607355},
 primaryClass = {astro-ph},
       adsurl = {https://ui.adsabs.harvard.edu/abs/2007ApJ...660L...1D},
      adsnote = {Provided by the SAO/NASA Astrophysics Data System}
}

@ARTICLE{2011ApJS..197...35G,
       author = {{Grogin}, Norman A. and {Kocevski}, Dale D. and {Faber}, S.~M. and
         {Ferguson}, Henry C. and {Koekemoer}, Anton M. and {Riess}, Adam G. and
         {Acquaviva}, Viviana and {Alexander}, David M. and {Almaini}, Omar and
         {Ashby}, Matthew L.~N. and {Barden}, Marco and {Bell}, Eric F. and
         {Bournaud}, Fr{\'e}d{\'e}ric and {Brown}, Thomas M. and
         {Caputi}, Karina I. and {Casertano}, Stefano and {Cassata}, Paolo and
         {Castellano}, Marco and {Challis}, Peter and {Chary}, Ranga-Ram and
         {Cheung}, Edmond and {Cirasuolo}, Michele and
         {Conselice}, Christopher J. and {Roshan Cooray}, Asantha and
         {Croton}, Darren J. and {Daddi}, Emanuele and {Dahlen}, Tomas and
         {Dav{\'e}}, Romeel and {de Mello}, Du{\'\i}lia F. and {Dekel}, Avishai and
         {Dickinson}, Mark and {Dolch}, Timothy and {Donley}, Jennifer L. and
         {Dunlop}, James S. and {Dutton}, Aaron A. and {Elbaz}, David and
         {Fazio}, Giovanni G. and {Filippenko}, Alexei V. and
         {Finkelstein}, Steven L. and {Fontana}, Adriano and
         {Gardner}, Jonathan P. and {Garnavich}, Peter M. and {Gawiser}, Eric and
         {Giavalisco}, Mauro and {Grazian}, Andrea and {Guo}, Yicheng and
         {Hathi}, Nimish P. and {H{\"a}ussler}, Boris and {Hopkins}, Philip F. and
         {Huang}, Jia-Sheng and {Huang}, Kuang-Han and {Jha}, Saurabh W. and
         {Kartaltepe}, Jeyhan S. and {Kirshner}, Robert P. and {Koo}, David C. and
         {Lai}, Kamson and {Lee}, Kyoung-Soo and {Li}, Weidong and
         {Lotz}, Jennifer M. and {Lucas}, Ray A. and {Madau}, Piero and
         {McCarthy}, Patrick J. and {McGrath}, Elizabeth J. and
         {McIntosh}, Daniel H. and {McLure}, Ross J. and {Mobasher}, Bahram and
         {Moustakas}, Leonidas A. and {Mozena}, Mark and {Nandra}, Kirpal and
         {Newman}, Jeffrey A. and {Niemi}, Sami-Matias and {Noeske}, Kai G. and
         {Papovich}, Casey J. and {Pentericci}, Laura and {Pope}, Alexandra and
         {Primack}, Joel R. and {Rajan}, Abhijith and {Ravindranath}, Swara and
         {Reddy}, Naveen A. and {Renzini}, Alvio and {Rix}, Hans-Walter and
         {Robaina}, Aday R. and {Rodney}, Steven A. and {Rosario}, David J. and
         {Rosati}, Piero and {Salimbeni}, Sara and {Scarlata}, Claudia and
         {Siana}, Brian and {Simard}, Luc and {Smidt}, Joseph and
         {Somerville}, Rachel S. and {Spinrad}, Hyron and {Straughn}, Amber N. and
         {Strolger}, Louis-Gregory and {Telford}, Olivia and
         {Teplitz}, Harry I. and {Trump}, Jonathan R. and {van der Wel}, Arjen and
         {Villforth}, Carolin and {Wechsler}, Risa H. and {Weiner}, Benjamin J. and
         {Wiklind}, Tommy and {Wild}, Vivienne and {Wilson}, Grant and
         {Wuyts}, Stijn and {Yan}, Hao-Jing and {Yun}, Min S.},
        title = "{CANDELS: The Cosmic Assembly Near-infrared Deep Extragalactic Legacy Survey}",
      journal = {\apjs},
     keywords = {cosmology: observations, galaxies: high-redshift, Astrophysics - Cosmology and Nongalactic Astrophysics},
         year = "2011",
        month = "Dec",
       volume = {197},
       number = {2},
          eid = {35},
        pages = {35},
          doi = {10.1088/0067-0049/197/2/35},
archivePrefix = {arXiv},
       eprint = {1105.3753},
 primaryClass = {astro-ph.CO},
       adsurl = {https://ui.adsabs.harvard.edu/abs/2011ApJS..197...35G},
      adsnote = {Provided by the SAO/NASA Astrophysics Data System}
}

@ARTICLE{2016ApJ...830...14S,
       author = {{Simons}, Raymond C. and {Kassin}, Susan A. and {Trump}, Jonathan R. and
         {Weiner}, Benjamin J. and {Heckman}, Timothy M. and {Barro}, Guillermo and
         {Koo}, David C. and {Guo}, Yicheng and {Pacifici}, Camilla and
         {Koekemoer}, Anton and {Stephens}, Andrew W.},
        title = "{Kinematic Downsizing at z Ìƒ 2}",
      journal = {\apj},
     keywords = {galaxies: evolution, galaxies: formation, galaxies: fundamental parameters, galaxies: kinematics and dynamics, Astrophysics - Astrophysics of Galaxies},
         year = "2016",
        month = "Oct",
       volume = {830},
       number = {1},
          eid = {14},
        pages = {14},
          doi = {10.3847/0004-637X/830/1/14},
archivePrefix = {arXiv},
       eprint = {1606.00009},
 primaryClass = {astro-ph.GA},
       adsurl = {https://ui.adsabs.harvard.edu/abs/2016ApJ...830...14S},
      adsnote = {Provided by the SAO/NASA Astrophysics Data System}
}

@ARTICLE{2015MNRAS.452..986S,
       author = {{Simons}, Raymond C. and {Kassin}, Susan A. and {Weiner}, Benjamin J. and
         {Heckman}, Timothy M. and {Lee}, Janice C. and {Lotz}, Jennifer M. and
         {Peth}, Michael and {Tchernyshyov}, Kirill},
        title = "{A transition mass in the local Tully-Fisher relation}",
      journal = {\mnras},
     keywords = {galaxies: evolution, galaxies: formation, galaxies: fundamental parameters, galaxies: kinematics and dynamics, Astrophysics - Astrophysics of Galaxies},
         year = "2015",
        month = "Sep",
       volume = {452},
       number = {1},
        pages = {986-997},
          doi = {10.1093/mnras/stv1298},
archivePrefix = {arXiv},
       eprint = {1506.04144},
 primaryClass = {astro-ph.GA},
       adsurl = {https://ui.adsabs.harvard.edu/abs/2015MNRAS.452..986S},
      adsnote = {Provided by the SAO/NASA Astrophysics Data System}
}

@INBOOK{2007ASPC..380..477K,
       author = {{Kassin}, S.~A. and {Weiner}, B.~J. and {Faber}, S.~M. and {Koo}, D.~C. and
         {Lotz}, J.~M.},
        title = "{The Stellar Mass Tully-Fisher Relation to z=1.2}",
    booktitle = {At the Edge of the Universe: Latest Results from the Deepest Astronomical Surveys ASP Conference Series, Vol. 380, proceedings of the conference held 9-13 October, 2006 at Sintra, Portugal. Edited by Jos{\'e} Afonso, Henry C. Ferguson, Bahram Mobasher, and Ray Norris., p.477},
         year = "2007",
       editor = {{Afonso}, J. and {Ferguson}, H.~C. and {Mobasher}, B. and {Norris}, R.},
       volume = {380},
       series = {Astronomical Society of the Pacific Conference Series},
        pages = {477},
       adsurl = {https://ui.adsabs.harvard.edu/abs/2007ASPC..380..477K},
      adsnote = {Provided by the SAO/NASA Astrophysics Data System}
}

@ARTICLE{2006ApJ...653.1027W,
       author = {{Weiner}, Benjamin J. and {Willmer}, Christopher N.~A. and
         {Faber}, S.~M. and {Melbourne}, Jason and {Kassin}, Susan A. and
         {Phillips}, Andrew C. and {Harker}, Justin and {Metevier}, A.~J. and
         {Vogt}, N.~P. and {Koo}, D.~C.},
        title = "{A Survey of Galaxy Kinematics to z\raisebox{-0.5ex}\textasciitilde1 in the TKRS/GOODS-N Field. I. Rotation and Dispersion Properties}",
      journal = {\apj},
     keywords = {Galaxies: Distances and Redshifts, Galaxies: Evolution, Galaxies: Fundamental Parameters, Galaxies: High-Redshift, Galaxies: Structure, Surveys, Astrophysics},
         year = "2006",
        month = "Dec",
       volume = {653},
       number = {2},
        pages = {1027-1048},
          doi = {10.1086/508921},
archivePrefix = {arXiv},
       eprint = {astro-ph/0609090},
 primaryClass = {astro-ph},
       adsurl = {https://ui.adsabs.harvard.edu/abs/2006ApJ...653.1027W},
      adsnote = {Provided by the SAO/NASA Astrophysics Data System}
}

@ARTICLE{2012ApJ...758..106K,
       author = {{Kassin}, Susan A. and {Weiner}, Benjamin J. and {Faber}, S.~M. and
         {Gardner}, Jonathan P. and {Willmer}, C.~N.~A. and {Coil}, Alison L. and
         {Cooper}, Michael C. and {Devriendt}, Julien and {Dutton}, Aaron A. and
         {Guhathakurta}, Puragra and {Koo}, David C. and {Metevier}, A.~J. and
         {Noeske}, Kai G. and {Primack}, Joel R.},
        title = "{The Epoch of Disk Settling: z \raisebox{-0.5ex}\textasciitilde 1 to Now}",
      journal = {\apj},
     keywords = {galaxies: evolution, galaxies: formation, galaxies: fundamental parameters, galaxies: kinematics and dynamics, Astrophysics - Cosmology and Nongalactic Astrophysics},
         year = "2012",
        month = "Oct",
       volume = {758},
       number = {2},
          eid = {106},
        pages = {106},
          doi = {10.1088/0004-637X/758/2/106},
archivePrefix = {arXiv},
       eprint = {1207.7072},
 primaryClass = {astro-ph.CO},
       adsurl = {https://ui.adsabs.harvard.edu/abs/2012ApJ...758..106K},
      adsnote = {Provided by the SAO/NASA Astrophysics Data System}
}

@ARTICLE{2016ApJ...832...79P,
       author = {{Pacifici}, Camilla and {Kassin}, Susan A. and {Weiner}, Benjamin J. and
         {Holden}, Bradford and {Gardner}, Jonathan P. and {Faber}, Sandra M. and
         {Ferguson}, Henry C. and {Koo}, David C. and {Primack}, Joel R. and
         {Bell}, Eric F. and {Dekel}, Avishai and {Gawiser}, Eric and
         {Giavalisco}, Mauro and {Rafelski}, Marc and {Simons}, Raymond C. and
         {Barro}, Guillermo and {Croton}, Darren J. and {Dav{\'e}}, Romeel and
         {Fontana}, Adriano and {Grogin}, Norman A. and {Koekemoer}, Anton M. and
         {Lee}, Seong-Kook and {Salmon}, Brett and {Somerville}, Rachel and
         {Behroozi}, Peter},
        title = "{The Evolution of Star Formation Histories of Quiescent Galaxies}",
      journal = {\apj},
     keywords = {galaxies: evolution, galaxies: formation, galaxies: statistics, galaxies: stellar content, Astrophysics - Astrophysics of Galaxies},
         year = "2016",
        month = "Nov",
       volume = {832},
       number = {1},
          eid = {79},
        pages = {79},
          doi = {10.3847/0004-637X/832/1/79},
archivePrefix = {arXiv},
       eprint = {1609.03572},
 primaryClass = {astro-ph.GA},
       adsurl = {https://ui.adsabs.harvard.edu/abs/2016ApJ...832...79P},
      adsnote = {Provided by the SAO/NASA Astrophysics Data System}
}

@ARTICLE{1975MNRAS.173..671L,
       author = {{Larson}, R.~B.},
        title = "{Models for the formation of elliptical galaxies.}",
      journal = {\mnras},
     keywords = {Astronomical Models, Elliptical Galaxies, Galactic Evolution, Gravitational Collapse, Momentum Transfer, Angular Momentum, Galactic Structure, Stellar Evolution, Two Fluid Models, Astrophysics},
         year = "1975",
        month = "Dec",
       volume = {173},
        pages = {671-699},
          doi = {10.1093/mnras/173.3.671},
       adsurl = {https://ui.adsabs.harvard.edu/abs/1975MNRAS.173..671L},
      adsnote = {Provided by the SAO/NASA Astrophysics Data System}
}

@ARTICLE{2000AJ....119.1645T,
       author = {{Trager}, S.~C. and {Faber}, S.~M. and {Worthey}, Guy and
         {Gonz{\'a}lez}, J. Jes{\'u}s},
        title = "{The Stellar Population Histories of Local Early-Type Galaxies. I. Population Parameters}",
      journal = {\aj},
     keywords = {GALAXIES: ABUNDANCES, GALAXIES: ELLIPTICAL AND LENTICULAR, CD, GALAXIES: EVOLUTION, GALAXIES: STELLAR CONTENT, Astrophysics},
         year = "2000",
        month = "Apr",
       volume = {119},
       number = {4},
        pages = {1645-1676},
          doi = {10.1086/301299},
archivePrefix = {arXiv},
       eprint = {astro-ph/0001072},
 primaryClass = {astro-ph},
       adsurl = {https://ui.adsabs.harvard.edu/abs/2000AJ....119.1645T},
      adsnote = {Provided by the SAO/NASA Astrophysics Data System}
}

@INPROCEEDINGS{1995IAUS..164..249F,
       author = {{Faber}, S.~M. and {Trager}, S.~C. and {Gonzalez}, J.~J. and
         {Worthey}, Guy},
        title = "{The Stellar Ages of Elliptical Galaxies}",
    booktitle = {Stellar Populations},
         year = "1995",
       editor = {{van der Kruit}, Pieter C. and {Gilmore}, Gerry},
       series = {IAU Symposium},
       volume = {164},
        month = "Jan",
        pages = {249},
       adsurl = {https://ui.adsabs.harvard.edu/abs/1995IAUS..164..249F},
      adsnote = {Provided by the SAO/NASA Astrophysics Data System}
}

@INPROCEEDINGS{1977egsp.conf..401T,
       author = {{Toomre}, Alar},
        title = "{Mergers and Some Consequences}",
    booktitle = {Evolution of Galaxies and Stellar Populations},
         year = "1977",
       editor = {{Tinsley}, Beatrice M. and {Larson}, Richard B. Gehret, D. Campbell},
        month = "Jan",
        pages = {401},
       adsurl = {https://ui.adsabs.harvard.edu/abs/1977egsp.conf..401T},
      adsnote = {Provided by the SAO/NASA Astrophysics Data System}
}

@ARTICLE{2015MNRAS.448.3484M,
       author = {{McDermid}, Richard M. and {Alatalo}, Katherine and {Blitz}, Leo and
         {Bournaud}, Fr{\'e}d{\'e}ric and {Bureau}, Martin and
         {Cappellari}, Michele and {Crocker}, Alison F. and {Davies}, Roger L. and
         {Davis}, Timothy A. and {de Zeeuw}, P.~T. and {Duc}, Pierre-Alain and
         {Emsellem}, Eric and {Khochfar}, Sadegh and {Krajnovi{\'c}}, Davor and
         {Kuntschner}, Harald and {Morganti}, Raffaella and {Naab}, Thorsten and
         {Oosterloo}, Tom and {Sarzi}, Marc and {Scott}, Nicholas and
         {Serra}, Paolo and {Weijmans}, Anne-Marie and {Young}, Lisa M.},
        title = "{The ATLAS$^{3D}$ Project - XXX. Star formation histories and stellar population scaling relations of early-type galaxies}",
      journal = {\mnras},
     keywords = {galaxies: abundances, galaxies: elliptical and lenticular, cD, galaxies: evolution, galaxies: stellar content, Astrophysics - Astrophysics of Galaxies},
         year = "2015",
        month = "Apr",
       volume = {448},
       number = {4},
        pages = {3484-3513},
          doi = {10.1093/mnras/stv105},
archivePrefix = {arXiv},
       eprint = {1501.03723},
 primaryClass = {astro-ph.GA},
       adsurl = {https://ui.adsabs.harvard.edu/abs/2015MNRAS.448.3484M},
      adsnote = {Provided by the SAO/NASA Astrophysics Data System}
}

@ARTICLE{2011ApJS..197...36K,
       author = {{Koekemoer}, Anton M. and {Faber}, S.~M. and {Ferguson}, Henry C. and
         {Grogin}, Norman A. and {Kocevski}, Dale D. and {Koo}, David C. and
         {Lai}, Kamson and {Lotz}, Jennifer M. and {Lucas}, Ray A. and
         {McGrath}, Elizabeth J. and {Ogaz}, Sara and {Rajan}, Abhijith and
         {Riess}, Adam G. and {Rodney}, Steve A. and {Strolger}, Louis and
         {Casertano}, Stefano and {Castellano}, Marco and {Dahlen}, Tomas and
         {Dickinson}, Mark and {Dolch}, Timothy and {Fontana}, Adriano and
         {Giavalisco}, Mauro and {Grazian}, Andrea and {Guo}, Yicheng and
         {Hathi}, Nimish P. and {Huang}, Kuang-Han and {van der Wel}, Arjen and
         {Yan}, Hao-Jing and {Acquaviva}, Viviana and {Alexander}, David M. and
         {Almaini}, Omar and {Ashby}, Matthew L.~N. and {Barden}, Marco and
         {Bell}, Eric F. and {Bournaud}, Fr{\'e}d{\'e}ric and
         {Brown}, Thomas M. and {Caputi}, Karina I. and {Cassata}, Paolo and
         {Challis}, Peter J. and {Chary}, Ranga-Ram and {Cheung}, Edmond and
         {Cirasuolo}, Michele and {Conselice}, Christopher J. and
         {Roshan Cooray}, Asantha and {Croton}, Darren J. and {Daddi}, Emanuele and
         {Dav{\'e}}, Romeel and {de Mello}, Duilia F. and {de Ravel}, Loic and
         {Dekel}, Avishai and {Donley}, Jennifer L. and {Dunlop}, James S. and
         {Dutton}, Aaron A. and {Elbaz}, David and {Fazio}, Giovanni G. and
         {Filippenko}, Alexei V. and {Finkelstein}, Steven L. and
         {Frazer}, Chris and {Gardner}, Jonathan P. and {Garnavich}, Peter M. and
         {Gawiser}, Eric and {Gruetzbauch}, Ruth and {Hartley}, Will G. and
         {H{\"a}ussler}, Boris and {Herrington}, Jessica and
         {Hopkins}, Philip F. and {Huang}, Jia-Sheng and {Jha}, Saurabh W. and
         {Johnson}, Andrew and {Kartaltepe}, Jeyhan S. and {Khostovan}, Ali A. and
         {Kirshner}, Robert P. and {Lani}, Caterina and {Lee}, Kyoung-Soo and
         {Li}, Weidong and {Madau}, Piero and {McCarthy}, Patrick J. and
         {McIntosh}, Daniel H. and {McLure}, Ross J. and {McPartland}, Conor and
         {Mobasher}, Bahram and {Moreira}, Heidi and {Mortlock}, Alice and
         {Moustakas}, Leonidas A. and {Mozena}, Mark and {Nandra}, Kirpal and
         {Newman}, Jeffrey A. and {Nielsen}, Jennifer L. and {Niemi}, Sami and
         {Noeske}, Kai G. and {Papovich}, Casey J. and {Pentericci}, Laura and
         {Pope}, Alexandra and {Primack}, Joel R. and {Ravindranath}, Swara and
         {Reddy}, Naveen A. and {Renzini}, Alvio and {Rix}, Hans-Walter and
         {Robaina}, Aday R. and {Rosario}, David J. and {Rosati}, Piero and
         {Salimbeni}, Sara and {Scarlata}, Claudia and {Siana}, Brian and
         {Simard}, Luc and {Smidt}, Joseph and {Snyder}, Diana and
         {Somerville}, Rachel S. and {Spinrad}, Hyron and {Straughn}, Amber N. and
         {Telford}, Olivia and {Teplitz}, Harry I. and {Trump}, Jonathan R. and
         {Vargas}, Carlos and {Villforth}, Carolin and {Wagner}, Cory R. and {Wand
        ro}, Pat and {Wechsler}, Risa H. and {Weiner}, Benjamin J. and
         {Wiklind}, Tommy and {Wild}, Vivienne and {Wilson}, Grant and
         {Wuyts}, Stijn and {Yun}, Min S.},
        title = "{CANDELS: The Cosmic Assembly Near-infrared Deep Extragalactic Legacy Survey{\textemdash}The Hubble Space Telescope Observations, Imaging Data Products, and Mosaics}",
      journal = {\apjs},
     keywords = {cosmology: observations, galaxies: high-redshift, Astrophysics - Cosmology and Nongalactic Astrophysics},
         year = "2011",
        month = "Dec",
       volume = {197},
       number = {2},
          eid = {36},
        pages = {36},
          doi = {10.1088/0067-0049/197/2/36},
archivePrefix = {arXiv},
       eprint = {1105.3754},
 primaryClass = {astro-ph.CO},
       adsurl = {https://ui.adsabs.harvard.edu/abs/2011ApJS..197...36K},
      adsnote = {Provided by the SAO/NASA Astrophysics Data System}
}

@ARTICLE{2006SSRv..123..485G,
       author = {{Gardner}, Jonathan P. and {Mather}, John C. and {Clampin}, Mark and
         {Doyon}, Rene and {Greenhouse}, Matthew A. and {Hammel}, Heidi B. and
         {Hutchings}, John B. and {Jakobsen}, Peter and {Lilly}, Simon J. and
         {Long}, Knox S. and {Lunine}, Jonathan I. and {McCaughrean}, Mark J. and
         {Mountain}, Matt and {Nella}, John and {Rieke}, George H. and
         {Rieke}, Marcia J. and {Rix}, Hans-Walter and {Smith}, Eric P. and
         {Sonneborn}, George and {Stiavelli}, Massimo and {Stockman}, H.~S. and
         {Windhorst}, Rogier A. and {Wright}, Gillian S.},
        title = "{The James Webb Space Telescope}",
      journal = {\ssr},
     keywords = {galaxies: formation, infrared: general, planetary systems, space vehicles: instruments, stars: formation, Astrophysics},
         year = "2006",
        month = "Apr",
       volume = {123},
       number = {4},
        pages = {485-606},
          doi = {10.1007/s11214-006-8315-7},
archivePrefix = {arXiv},
       eprint = {astro-ph/0606175},
 primaryClass = {astro-ph},
       adsurl = {https://ui.adsabs.harvard.edu/abs/2006SSRv..123..485G},
      adsnote = {Provided by the SAO/NASA Astrophysics Data System}
}













